@misc{kotlin,
	title="Kotlin Документация [Электронный ресурс]",
	howpublished="Режим доступа: \url{https://kotlinlang.org/docs/home.html} (дата обращения: 24.09.2022)"
}

@misc{idea,
	title="IntelliJ IDEA Документация[Электронный ресурс]",
	howpublished="Режим доступа: \url{https://www.jetbrains.com/idea/} (дата обращения: 24.09.2022)"
}

@misc{ubuntu,
	title="Manjaro [Электронный ресурс]",
	howpublished="Режим доступа: \url{https://manjaro.org/} (дата обращения: 03.10.2022)"
}

@misc{linux,
	title="Linux -- Википедия [Электронный ресурс]",
	howpublished="Режим доступа: \url{https://ru.wikipedia.org/wiki/Linux} (дата обращения: 04.10.2022)"
}

@misc{intel,
	title="Мобильный процессор AMD Ryzen™ 7 3700U [Электронный ресурс]",
	howpublished="Режим доступа: \url{https://www.amd.com/ru/products/apu/amd-ryzen-7-3700u} (дата обращения: 04.10.2022)"
}

@misc{zbufer,
	title="Алгоритм Z-буфера. [Электронный ресурс]",
	howpublished="Режим доступа: \url{http://compgraph.tpu.ru/Oglavlenie.htm} (дата обращения: 09.10.2021)"
}

@misc{roberts,
	title="Алгоритм Робертса. [Электронный ресурс]",
	howpublished="Режим доступа: \url{http://compgraph.tpu.ru/Oglavlenie.htm} (дата обращения: 09.10.2021)"
}

@misc{varnok,
	title="Алгоритм Варнока. [Электронный ресурс]",
	howpublished="Режим доступа: \url{http://compgraph.tpu.ru/Oglavlenie.htm} (дата обращения: 09.10.2021)"
}

@misc{lamber_fong,
	title="Модели освещения. [Электронный ресурс]",
	howpublished="Режим доступа: \url{https://devburn.ru/2015/09/} (дата обращения: 09.10.2021)"
}

@misc{raytrace,
	title="Трассировка лучей из книги Джефа Проузиса [Электронный ресурс]",
	howpublished="Режим доступа: \url{https://www.graphicon.ru/oldgr/courses/cg99/notes/lect12/prouzis/raytrace.htm} (дата обращения: 28.10.2021)"
}

@misc{coloring,
	title="Закраска, освещение и удаление невидимых поверхностей [Электронный ресурс]",
	howpublished="Режим доступа: \url{https://www.graphicon.ru/oldgr/courses/cg99/notes/lect12/prouzis/shading.htm} (дата обращения: 27.10.2021)"
}

